%% This BibTeX bibliography file was created using BibDesk.
%% http://bibdesk.sourceforge.net/


%% Created for Lauro Cesar Araujo at 2015-04-27 19:43:45 -0300


%% Saved with string encoding Unicode (UTF-8)
@misc{aver,
    Author = {Ana Aver},
    Date-Added = {2013-03-23 21:39:21 +0000},
    Date-Modified = {2015-04-27 22:43:06 +0000},
    Howpublished = {Especialize Revista Online-IPOG},
    Keywords = {ipog},
    Title = {A relação Iluminação Pública e Criminalidade},
    Url = {www.ipog.edu.br/download-arquivo-site.sp?arquivo=a_relacao_iluminacao_publica_e_criminalidade_152947.pdf},
    Urlaccessdate = {12 mai 2015},
    Year = {2015},
    Bdsk-Url-1 = {www.ipog.edu.br/download-arquivo-site.sp?arquivo=a-relacao-iluminacao-publica-e-criminalidade-152947.pdf}

@misc{newton,
    Author = {Chris Newton},
    Date-Added = {2013-03-23 21:39:21 +0000},
    Date-Modified = {2015-04-27 22:43:06 +0000},
    Howpublished = {Artigo revista online E-How},
    Keywords = {e-how},
    Title = {Correlacao Entre Iluminacao Pública e Taxa de Criminalidade},
    Url = {http://www.ehow.com.br/correlacao_entre_iluminacao_publica_taxa_criminalidade_fatos_305151/},
    Urlaccessdate = {12 mai 2015},
    Year = {2015},
    Bdsk-Url-1 = {xxxxx}}

@misc{aneel414,
    Author = {Agência Nacional de Energia Elétrica - ANEEL},
    Date-Added = {2013-03-23 21:39:21 +0000},
    Date-Modified = {2015-04-27 22:43:06 +0000},
    Howpublished = {Artigo},
    Keywords = {aneel},
    Title = {Resolução Normativa 414/2010: atualizada até a REN 499/2012},
    Url = {http://www.aneel.gov.br/biblioteca/downloads/livros/REN_414_2010_atual_REN_499_2012.pdf},
    Urlaccessdate = {12 abr 2015},
    Year = {2015},
    Bdsk-Url-1 = {http://www.aneel.gov.br/biblioteca/downloads/livros/REN_414_2010_atual_REN_499_2012.pdf}}

@misc{secretariaobras,
    Author = {Secretaria de Obras},
    Date-Added = {2013-03-23 21:39:21 +0000},
    Date-Modified = {2015-04-27 22:43:06 +0000},
    Howpublished = {Notícia},
    Keywords = {secretaria de obras},
    Title = {Equipes substituem lâmpadas nas regiões leste e sudeste },
    Url = {http://www.sjc.sp.gov.br/secretarias/obras/noticia.aspx?noticia_id=21903},
    Urlaccessdate = {12 out 2015},
    Year = {2015},
    Bdsk-Url-1 = {xxxxx}}

@phdthesis{breitman,
    Address = {Rio de Janeiro, Rio de Janeiro},
    Author = {KARIN KOOGAN BREITMAN},
    Date-Added = {2012-04-23 11:35:28 +0000},
    Date-Modified = {2012-04-23 11:35:28 +0000},
    School = {Departamento de Informática, Pontifícia Universidade Católica do Rio de Janeiro},
    Title = {EVOLUÇÃO DE CENÁRIOS},
    Url = {http://www.loa.istc.cnr.it/Guizzardi/SELMAS-CR.pdf},
    Urlaccessdate = {12 abr 2015},
    Year = {2000},
    Bdsk-Url-1 = {http://www.loa.istc.cnr.it/Guizzardi/SELMAS-CR.pdf}}

@book{pressman,
    Address = {Porto Alegre},
    Author = {Roger S Pressman},
    Date-Added = {2013-08-21 13:56:10 +0000},
    Date-Modified = {2013-08-21 13:56:10 +0000},
    Edition = {7},
    Organization = {},
    Publisher = {AMGH},
    Title = {Engenharia de software: uma abordagem profissional},
    Year = {2011}}

@misc{agilemanifesto,
    Author = {Jeff Sutherland},
    Howpublished = {Website},
    Keywords = {agile},
    Title = {Manifesto for Agile Software Development},
    Url = {http://www.agilemanifesto.org/},
    Urlaccessdate = {12 out 2015},
    Year = {2015}}

@misc{scrum,
    Author = {Scrum Alliance},
    Howpublished = {Website},
    Keywords = {scrum},
    Title = {Scrum Values},
    Url = {https://www.scrumalliance.org/why-scrum/core-scrum-values-roles?gclid=CjwKEAjwpaqvBRCxzIGoxs6v2TkSJADel_MIzZiwKysiX_QU25cWumb4QQi5ae356H3APHD_R79FNRoCJaXw_wcB},
    Urlaccessdate = {12 out 2015},
    Year = {2015}}

@misc{cdu,
    Author = {Gustavo Lima},
    Howpublished = {Noticia},
    Keywords = {cdu},
    Title = {Norma da Aneel sobre iluminação pública prejudica municípios, diz Confederação },
    Url = {http://www2.camara.leg.br/atividade-legislativa/comissoes/comissoes-permanentes/cdu/noticias/norma_da_aneel_sobre_iluminacao_publica_prejudica_municipios_diz_confederacao},
    Urlaccessdate = {12 out 2015},
    Year = {2015}}

@misc{pythonlicense,
    Author = {Python Software Foundation PSF},
    Howpublished = {Website},
    Keywords = {python license},
    Title = {Python 2.7 license},
    Url = {https://www.python.org/download/releases/2.7.3/license/},
    Urlaccessdate = {07 set 2015},
    Year = {2010}}

@misc{pypi,
    Author = {Python Package Index PyPI},
    Howpublished = {Website},
    Keywords = {python package index},
    Title = {Python Package Index},
    Url = {https://pypi.python.org/pypi},
    Urlaccessdate = {07 set 2015},
    Year = {2010}}

@misc{flask,
    Author = {Flask},
    Howpublished = {Website},
    Keywords = {Flask},
    Title = {Flask Website},
    Url = {http://flask.pocoo.org/docs/0.10/},
    Urlaccessdate = {06 nov 2015},
    Year = {2010}}

@misc{flasksqlalchemy,
    Author = {Flask-SQLAlchemy},
    Howpublished = {Website},
    Keywords = {Flask-SQLAlchemy},
    Title = {Flask-SQLAlchemy Website},
    Url = {http://flask-sqlalchemy.pocoo.org/2.1/},
    Urlaccessdate = {06 nov 2015},
    Year = {2010}}

@misc{sqlalchemy,
    Author = {SQLAlchemy},
    Howpublished = {Website},
    Keywords = {SQLAlchemy},
    Title = {SQLAlchemy Website},
    Url = {http://www.sqlalchemy.org/features.html},
    Urlaccessdate = {06 nov 2015},
    Year = {2010}}

@misc{alembic,
    Author = {Alembic},
    Howpublished = {Website},
    Keywords = {Alembic},
    Title = {Alembic Documentation Website},
    Url = {https://alembic.readthedocs.org/en/latest/},
    Urlaccessdate = {06 nov 2015},
    Year = {2010}}

@misc{flaskmigrate,
    Author = {Flask-Migrate},
    Howpublished = {Website},
    Keywords = {Flask-Migrate},
    Title = {Flask-Migrate Documentation Website},
    Url = {https://flask-migrate.readthedocs.org/en/latest/},
    Urlaccessdate = {06 nov 2015},
    Year = {2010}}

@misc{flaskadmin,
    Author = {Flask-Admin},
    Howpublished = {Website},
    Keywords = {Flask-Admin},
    Title = {Flask-Admin Documentation Website},
    Url = {https://flask-admin.readthedocs.org/en/latest/},
    Urlaccessdate = {06 nov 2015},
    Year = {2010}}

@misc{flaskscript,
    Author = {Flask-Script},
    Howpublished = {Website},
    Keywords = {Flask-Script},
    Title = {Flask-Script Documentation Website},
    Url = {https://flask-script.readthedocs.org/en/latest/},
    Urlaccessdate = {06 nov 2015},
    Year = {2010}}

@misc{xhtml2pdf,
    Author = {XHTML2PDF},
    Howpublished = {Website},
    Keywords = {XHTML2PDF},
    Title = {XHTML2PDF Repository},
    Url = {https://github.com/xhtml2pdf/xhtml2pdf},
    Urlaccessdate = {06 nov 2015},
    Year = {2010}}

@misc{fabric,
    Author = {Fabric},
    Howpublished = {Website},
    Keywords = {Fabric},
    Title = {Fabric Documentation Website},
    Url = {http://www.fabfile.org/},
    Urlaccessdate = {06 nov 2015},
    Year = {2010}}

@misc{fabtools,
    Author = {Fabtools},
    Howpublished = {Website},
    Keywords = {Fabtools},
    Title = {Fabtools Documentation Website},
    Url = {http://fabtools.readthedocs.org/en/latest/},
    Urlaccessdate = {06 nov 2015},
    Year = {2010}}

@misc{unicodecsv,
    Author = {UnicodeCSV},
    Howpublished = {Website},
    Keywords = {UnicodeCSV},
    Title = {UnicodeCSV Documentation Website},
    Url = {http://unicodecsv.readthedocs.org/en/latest/},
    Urlaccessdate = {06 nov 2015},
    Year = {2010}}

@misc{flasksecurity,
    Author = {Flask-Security},
    Howpublished = {Website},
    Keywords = {Flask-Security},
    Title = {Flask-Security Documentation Website},
    Url = {https://pythonhosted.org/Flask-Security/},
    Urlaccessdate = {06 nov 2015},
    Year = {2010}}

@misc{comtech,
    Author = {ComTech},
    Howpublished = {Website},
    Keywords = {Mercado Brasileiro Android},
    Title = {Android Switchers Drive iOS Growth in Europe's Big Five},
    Url = {http://www.kantarworldpanel.com/global/News/Android-Switchers-Drive-iOS-Growth-in-Europes-Big-Five-Countries},
    Urlaccessdate = {06 nov 2015},
    Year = {2010}}

@misc{statista,
    Author = {Statista},
    Howpublished = {Website},
    Keywords = {Market-Share Brasileiro Android},
    Title = {Market share held by mobile operating systems in Brazil from January 2012 to July 2015 },
    Url = {http://www.statista.com/statistics/262167/market-share-held-by-mobile-operating-systems-in-brazil/},
    Urlaccessdate = {06 nov 2015},
    Year = {2010}}

@misc{ibope,
    Author = {João Gabriel Amador},
    Howpublished = {Notícia},
    Keywords = {Smartphones América Latina},
    Title = {Estudo aponta aumento na penetração de smartphones na América Latina},
    Url = {http://www.correiobraziliense.com.br/app/noticia/tecnologia/2015/03/12/interna_tecnologia,475253/estudo-aponta-aumento-na-penetracao-de-smartphones-na-america-latina.shtml},
    Urlaccessdate = {06 nov 2015},
    Year = {2015}}

@book{java,
    Address = {1005 Gravenstein Highway North, Sebastopol, CA 95472},
    Author = {Patrick Niemeyer},
    Date-Added = {2013-08-21 13:56:10 +0000},
    Date-Modified = {2013-08-21 13:56:10 +0000},
    Edition = {4},
    Organization = {},
    Publisher = {O’Reilly Media, Inc.},
    Title = {Learning Java},
    Year = {2013}}

@misc{emarketer,
    Author = {EMarketer},
    Howpublished = {Notícia},
    Keywords = {Smartphones América Latina},
    Title = {Nearly 400 Million in Latin America Used Mobile Phones in 2014},
    Url = {http://www.emarketer.com/Article/Nearly-400-Million-Latin-America-Used-Mobile-Phones-2014/1011818},
    Urlaccessdate = {06 nov 2015},
    Year = {2015}}

@misc{gson,
    Author = {GSON},
    Howpublished = {Website},
    Keywords = {GSON},
    Title = {GSON Repository},
    Url = {https://github.com/google/gson},
    Urlaccessdate = {06 nov 2015},
    Year = {2015}}

@misc{jodatime,
    Author = {Joda-Time},
    Howpublished = {Website},
    Keywords = {Joda-Time},
    Title = {Joda-Time Home},
    Url = {http://www.joda.org/joda-time/},
    Urlaccessdate = {06 nov 2015},
    Year = {2015}}

@misc{retrofit,
    Author = {Retrofit},
    Howpublished = {Website},
    Keywords = {Retrofit},
    Title = {Retrofit},
    Url = {http://square.github.io/retrofit/},
    Urlaccessdate = {06 nov 2015},
    Year = {2015}}

@misc{sugar,
    Author = {Sugar},
    Howpublished = {Website},
    Keywords = {Sugar},
    Title = {Sugar Repository},
    Url = {https://github.com/satyan/sugar},
    Urlaccessdate = {06 nov 2015},
    Year = {2015}}

@book{javascript,
    Address = {1005 Gravenstein Highway North, Sebastopol, CA 95472},
    Author = {Axel Rauschmayer},
    Edition = {1},
    Organization = {http://biblioteca.ibge.gov.br/visualizacao/livros/liv23907.pdf},
    Publisher = {O’Reilly Media, Inc.},
    Title = {Learning Java},
    Year = {2014}}

@misc{retrofit,
    Author = {Sugar},
    Howpublished = {Website},
    Keywords = {Sugar},
    Title = {Sugar Repository},
    Url = {https://github.com/satyan/sugar},
    Urlaccessdate = {06 nov 2015},
    Year = {2015}}

@misc{json,
    Author = {Douglas Crockford},
    Howpublished = {Website},
    Keywords = {JSON},
    Title = {JSON: The Fat-Free Alternative to XML},
    Url = {http://www.json.org/fatfree.html},
    Urlaccessdate = {06 nov 2015},
    Year = {2006}}

@misc{angularjs,
    Author = {AngularJS},
    Howpublished = {FAQ},
    Keywords = {AngularJS},
    Title = {AngularJS FAQ},
    Url = {https://docs.angularjs.org/misc/faq},
    Urlaccessdate = {06 nov 2015},
    Year = {2006}}

@misc{jquery,
    Author = {JQuery},
    Howpublished = {Website},
    Keywords = {JQuery},
    Title = {JQuery Website},
    Url = {https://jquery.com/},
    Urlaccessdate = {06 nov 2015},
    Year = {2006}}

@phdthesis{fielding,
    Address = {Irvine, CA 92697, United States},
    Author = {Roy Thomas Fielding},
    Date-Added = {2012-04-23 11:35:28 +0000},
    Date-Modified = {2012-04-23 11:35:28 +0000},
    School = {Information and Computer Science, University Of California, Irvine},
    Title = {Architectural Styles and the Design of Network-based Software Architectures},
    Url = {http://www.ics.uci.edu/~fielding/pubs/dissertation/rest_arch_style.htm},
    Urlaccessdate = {06 nov 2015},
    Year = {2000}}

@misc{tematec,
    Author = {Helena Cristina Tavares},
    Howpublished = {Revista Tematec - Serviço Federal de Processamento de Dados},
    Keywords = {Tematec, Requisitos},
    Title = {Visão Geral Sobre Requisitos},
    Url = {http://www1.serpro.gov.br/publicacoes/tematec/pubtem60.htm},
    Urlaccessdate = {06 nov 2015},
    Year = {2006}}
